<?xml version="1.0" encoding="UTF-8"?><collection xmlns="http://www.loc.gov/MARC21/slim"><record><leader>00489nam--2200181-u-4500</leader><controlfield tag="001">000052219</controlfield><controlfield tag="002">20161230</controlfield><controlfield tag="005">20161230201050</controlfield><controlfield tag="008">100525s1000------------r-----000-0-RUS-d</controlfield><datafield ind1=" " ind2=" " tag="040"><subfield code="a">IFIN-HH</subfield></datafield><datafield ind1=" " ind2=" " tag="041"><subfield code="a">rus</subfield></datafield><datafield ind1="1" ind2=" " tag="100"><subfield code="a">Hannan, E.J</subfield></datafield><datafield ind1="1" ind2="0" tag="245"><subfield code="a">Redstavleniea grupp i prikladnaia teoria veroeatnostei</subfield><subfield code="c">E.j. hannan</subfield></datafield><datafield ind1=" " ind2=" " tag="260"><subfield code="a">Moskva</subfield><subfield code="b">Mir</subfield><subfield code="c">1970</subfield></datafield><datafield ind1=" " ind2=" " tag="300"><subfield code="a">120P</subfield></datafield><datafield ind1=" " ind2=" " tag="500"><subfield code="a">Group Representations And Apllied Probability</subfield></datafield><datafield ind1=" " ind2=" " tag="852"><subfield code="a">33867</subfield><subfield code="c">519.2</subfield></datafield><datafield ind1=" " ind2=" " tag="CAT"><subfield code="a">Sys</subfield><subfield code="c">20100525</subfield><subfield code="h">134925</subfield></datafield></record></collection>